%% PREELIMINARES %%

% aprendizaje automático %
@book{Mitchell1997,
  author    = {Tom M. Mitchell},
  title     = {Machine Learning},
  publisher = {McGraw-Hill},
  year      = {1997}
}
@misc{awsOverfitting,
  author       = {{Amazon Web Services}},
  title        = {Model Fit: Underfitting vs. Overfitting},
  year         = {2023},
  howpublished = {\url{https://docs.aws.amazon.com/machine-learning/latest/dg/model-fit-underfitting-vs-overfitting.html}},
  note         = {Consultado el 9 de abril de 2025}
}
@misc{logongasBackprop,
  author       = {Logongas},
  title        = {Backpropagation y descenso del gradiente},
  year         = {2023},
  howpublished = {\url{https://logongas.es/doku.php?id=clase:iabd:pia:2eval:tema07.backpropagation_descenso_gradiente}},
  note         = {Consultado el 9 de abril de 2025}
}

@book{Bishop2006,
  author    = {Christopher M. Bishop},
  title     = {Pattern Recognition and Machine Learning},
  publisher = {Springer},
  year      = {2006}
}
@book{Goodfellow2016,
  author    = {Ian Goodfellow and Yoshua Bengio and Aaron Courville},
  title     = {Deep Learning},
  publisher = {MIT Press},
  year      = {2016}
}
% Redes Neuronales %
@article{Rosenblatt1958,
  author  = {Frank Rosenblatt},
  title   = {The Perceptron: a probabilistic model for information storage and organization in the brain},
  journal = {Psychological Review},
  volume  = {65},
  number  = {6},
  pages   = {386--408},
  year    = {1958}
}
@article{Rumelhart1986,
  author  = {David E. Rumelhart and Geoffrey E. Hinton and Ronald J. Williams},
  title   = {Learning representations by back-propagating errors},
  journal = {Nature},
  volume  = {323},
  pages   = {533--536},
  year    = {1986}
}
@inproceedings{Krizhevsky2012,
  author    = {Alex Krizhevsky and Ilya Sutskever and Geoffrey E. Hinton},
  title     = {ImageNet Classification with Deep Convolutional Neural Networks},
  booktitle = {Advances in Neural Information Processing Systems (NIPS)},
  volume    = {25},
  pages     = {1097--1105},
  year      = {2012}
}
@inproceedings{He2016,
  author    = {Kaiming He and Xiangyu Zhang and Shaoqing Ren and Jian Sun},
  title     = {Deep Residual Learning for Image Recognition},
  booktitle = {Proceedings of the IEEE Conference on Computer Vision and Pattern Recognition (CVPR)},
  pages     = {770--778},
  year      = {2016}
}
% MedMNIST... %
@article{quibim_qp_prostate,
  title={QP-Prostate®},
  author={Quibim},
  year={2025},
  url={https://quibim.com/qp-prostate/}
}

@article{liu_meta_analysis,
  title={A comparison of deep learning performance against health-care professionals in detecting diseases from medical imaging: a systematic review and meta-analysis},
  author={Liu, Xiaoxuan and others},
  journal={The Lancet Digital Health},
  volume={1},
  number={6},
  pages={e271--e297},
  year={2019},
  publisher={Elsevier},
  url={https://www.thelancet.com/journals/landig/article/PIIS2589-7500(19)30123-2/fulltext}
}



%%%%%%%%%%%%%%%

% Corpus datasets más tareas %

@misc{niamsOAI,
  author       = {{National Institute of Arthritis and Musculoskeletal and Skin Diseases (NIAMS)}},
  title        = {{Osteoarthritis Initiative}},
  year         = {n.d.},
  howpublished = {Web Page},
  note         = {Accessed: 2025-04-16. Available at: \url{https://www.niams.nih.gov/grants-funding/funded-research/osteoarthritis-initiative}},
  url          = {https://www.niams.nih.gov/grants-funding/funded-research/osteoarthritis-initiative}
}

@dataset{chen2018knee,
  author = {Chen, Pingjun},
  title = {Knee Osteoarthritis Severity Grading Dataset},
  year = {2018},
  publisher = {Mendeley Data},
  version = {V1},
  doi = {10.17632/56rmx5bjcr.1},
}

@article{chen2019fully,
  author       = {Chen, Pingjun and Gao, Lin and Shi, Xiaoqian and Allen, Kelli and Yang, Lin},
  title        = {{Fully automatic knee osteoarthritis severity grading using deep neural networks with a novel ordinal loss}},
  journal      = {Computerized Medical Imaging and Graphics},
  volume       = {75},
  pages        = {84--92},
  year         = {2019},
  month        = {Jul},
  doi          = {10.1016/j.compmedimag.2019.06.002},
  pmid         = {31238184},
  pmcid        = {PMC9531250},
  url          = {https://doi.org/10.1016/j.compmedimag.2019.06.002}
}

@INPROCEEDINGS{Nabil,
  author={MohamedEsmaeil and Nabil, Lamia and Ali, Dalia and Khalifa, Ayman},
  booktitle={2024 International Conference on Computer and Applications (ICCA)}, 
  title={Automatic Diagnosis of Knee Osteoarthritis Using Deep Learning Approaches}, 
  year={2024},
  volume={},
  number={},
  pages={1-6},
  keywords={Deep learning;Accuracy;Costs;Pain;Computational modeling;Surgery;Osteoarthritis;X-ray imaging;Stress;Diseases;Deep Learning;knee Osteoarthritis;Classification;EfficientNetB7;DenseNet169;Inception ResNet V2;knee X-ray image},
  doi={10.1109/ICCA62237.2024.10927936}}


@INPROCEEDINGS{Haque,
  author={Haque, Nazmul and Siam, Abdullah All and Songram, Rafi Ahammed and Ali, Sujon},
  booktitle={2024 International Conference on Innovations in Science, Engineering and Technology (ICISET)}, 
  title={Enhanced Osteoarthritis Classification through Transfer Learning and Hyperparameter-Tuned Multi-Layer Ensemble Models}, 
  year={2024},
  volume={},
  number={},
  pages={1-5},
  keywords={Technological innovation;Accuracy;Transfer learning;Neurons;Data models;Convolutional neural networks;Medical diagnosis;Osteoarthritis;Older adults;Tuning;Knee Osteoarthritis (OA) Classification;Transfer Learning Fusion (TLF);Machine Learning (ML);Multi-Layer Ensemble (MLE)},
  doi={10.1109/ICISET62123.2024.10941130}
}