//Ejemplos
@article{einstein1905,
  author = {Einstein, Albert},
  title = {On the Electrodynamics of Moving Bodies},
  journal = {Annalen der Physik},
  volume = {17},
  number = {10},
  pages = {891-921},
  year = {1905}
}

@book{knuth1986,
  author = {Donald E. Knuth},
  title = {The TeXbook},
  publisher = {Addison-Wesley},
  year = {1986}
}
